@preamble{ "\newcommand{\noopsort}[1]{} "
	# "\newcommand{\printfirst}[2]{#1} "
	# "\newcommand{\singleletter}[1]{#1} "
	# "\newcommand{\switchargs}[2]{#2#1} " }

@article{meprop,
    title = 	{meprop: Sparsified back propagation for accelerated
deep learning with reduced overfitting},
    author =	{X. Sun and X. Ren and S. Ma and H. Wang},
    journal = {arXiv preprint arXiv:1706.06197},
    year = {2017},
}

@article{narang,
    title = 	{Exploring sparsity in recurrent neural
networks},
    author =	{S. Narang and G. Diamos and S. Sengupta and E. Elsen},
    journal = {arXiv preprint arXiv:1704.05119},
    year = {2017},
}

@article{block,
    title = 	{Block-sparse recurrent neural networks},
    author =	{S. Narang and E. Undersander and G. Diamos},
    journal = {arXiv
preprint arXiv:1711.02782},
    year = {2017},
}

@article{thinet,
    title = 	{Thinet: A filter level pruning method for deep neural network
compression},
    author =	{J. Luo and J. Wu and W. Lin},
    journal = {arXiv preprint arXiv:1707.06342},
    year = {2017},
}

@article{ssl,
    title = 	{Learning structured sparsity in deep neural
networks},
    author =	{W. Wen and C. Wu and Y. Wang and Y. Chen and H. Li},
    journal = {Advances in Neural Information Processing Systems},
    year = {2016},
    pages = {2074-2082},
}

@article{tetris,
    title = 	{{TETRIS:} TilE-matching the TRemendous Irregular Sparsity},
    author =	{Y. Ji and
                  L. Liang and
                  L. Deng and
                  Y. Zhang and
                  Y. Zhang and
                  Y. Xie},
    journal = {Advances in Neural Information Processing Systems},
    year = {2018},
    pages = {4119--4129},
}


@article{clanok,
    title = 	{meprop: Sparsified back propagation for accelerated
deep learning with reduced overfitting},
    author =	{X. Sun and X. Ren and S. Ma, and H. Wang},
    journal = {arXiv preprint arXiv:1706.06197},
    volume = {4},
    number = {3},
    year = {1900},
    pages = {1-100},
}

@Book{kniha,
    author ={X. Autor1 and Y. Autor2},
    title =        {Názov knihy},
    publisher =    {Vydavateľstvo},
    year =         {1900},
}


@techreport{technical_report,
    author =	{X. Autor1 and Y. Autor2},
    title= {Názov technickej správy},
    year={June 1999},
    institution = {Inštitút vydávajúci správu},
    number = {TR123/1999}
}

@inproceedings{clanok_na_konferencii,
    author =	{X. Autor1 and Y. Autor2},
    title = {Názov článku (väčšinou z konferencie)},
    booktitle = {Názov zborníka (väčšinou názov konferencie spolu s ročníkom)},
    year = {1900},
    pages = {1-100},
    publisher = {Vydavateľstvo},
}    
    
@misc{smernica,
 title={Vnútorný predpis č. 7/2018, {Ú}plné znenie vnútorného predpisu
 č. 12/2013 {S}mernice rektora {U}niverzity {K}omenského v
 {B}ratislave o základných náležitostiach záverečných
 prác, rigoróznych prác a habilitačných prác, kontrole
 ich originality, uchovávaní a sprístupňovaní na
 {U}niverzite {K}omenského v {B}ratislave v znení dodatku
 č. 1 a dodatku č. 2 Smernica rektora {U}niverzity
 {K}omenského v {B}ratislave o základných
 náležitostiach záverečných prác, rigoróznych prác a
 habilitačných prác, kontrole ich originality,
 uchovávaní a sprístupňovaní na {U}niverzite
 {K}omenského v {B}ratislave},
 author={{Univerzita Komenského v Bratislave}},
 year={2013},
 note={[Citované 2020-10-19] Dostupné z \url{https://uniba.sk/fileadmin/ruk/legislativa/2018/Vp_2018_07.pdf}},
}

@Book{Oetiker2000,
  author = 	 {Tobias Oetiker and Hubert Partl and Irene Hyna and Elisabeth Schlegl},
  title = 	 {Nie príliš stručný úvod do systému {LaTeX2e}},
  year = 	 {2002},
  note = {Preklad Ján Buša ml. a st}
}

